<record><leader>00000cas a22000007a 4500</leader><controlfield tag="001">1761548</controlfield><controlfield tag="008">751101c19019999mnuwr ne      0   a0eng d</controlfield><datafield ind1=" " ind2=" " tag="010"><subfield code="a">sn 88002496 </subfield></datafield><datafield ind1=" " ind2=" " tag="040"><subfield code="a">MUL</subfield><subfield code="b">eng</subfield><subfield code="c">MUL</subfield><subfield code="d">NSD</subfield><subfield code="d">MN#</subfield><subfield code="d">OCLCQ</subfield><subfield code="d">OCLCF</subfield><subfield code="d">OCLCO</subfield></datafield><datafield ind1=" " ind2=" " tag="012"><subfield code="m">1</subfield></datafield><datafield ind1="1" ind2=" " tag="022"><subfield code="a">1040-6069</subfield><subfield code="l">1040-6069</subfield><subfield code="2">1</subfield></datafield><datafield ind1="1" ind2=" " tag="029"><subfield code="a">AU@</subfield><subfield code="b">000025818565</subfield></datafield><datafield ind1=" " ind2=" " tag="032"><subfield code="a">412640</subfield><subfield code="b">USPS</subfield></datafield><datafield ind1=" " ind2=" " tag="037"><subfield code="b">The Osakis Review, P.O. Box 220, 28 E. Main St., Osakis, MN 56360</subfield></datafield><datafield ind1=" " ind2=" " tag="042"><subfield code="a">nsdp</subfield></datafield><datafield ind1=" " ind2=" " tag="043"><subfield code="a">n-us-mn</subfield></datafield><datafield ind1=" " ind2=" " tag="052"><subfield code="a">4143</subfield><subfield code="b">D6</subfield></datafield><datafield ind1=" " ind2=" " tag="052"><subfield code="a">4144</subfield><subfield code="b">O7</subfield></datafield><datafield ind1=" " ind2="4" tag="222"><subfield code="a">The Osakis review</subfield></datafield><datafield ind1="0" ind2="4" tag="245"><subfield code="a">The Osakis review.</subfield></datafield><datafield ind1="3" ind2="0" tag="246"><subfield code="a">Lakes review</subfield></datafield><datafield ind1=" " ind2=" " tag="260"><subfield code="a">Osakis, Douglas County, Minn. :</subfield><subfield code="b">C.H. Bronson,</subfield><subfield code="c">1901-</subfield></datafield><datafield ind1=" " ind2=" " tag="300"><subfield code="a">v.</subfield></datafield><datafield ind1=" " ind2=" " tag="310"><subfield code="a">Weekly</subfield></datafield><datafield ind1="0" ind2=" " tag="362"><subfield code="a">Vol. 12, no. 19 (Aug. 29, 1901)-</subfield></datafield><datafield ind1=" " ind2=" " tag="500"><subfield code="a">Published as: Lakes review, May 6, 1988-July 29, 1988.</subfield></datafield><datafield ind1=" " ind2=" " tag="530"><subfield code="a">Available on microfilm from the Minnesota Historical Society.</subfield></datafield><datafield ind1=" " ind2="0" tag="651"><subfield code="a">Osakis (Minn.)</subfield><subfield code="v">Newspapers.</subfield></datafield><datafield ind1=" " ind2="7" tag="655"><subfield code="a">Newspapers.</subfield><subfield code="2">fast</subfield><subfield code="0">(OCoLC)fst01423814</subfield></datafield><datafield ind1=" " ind2="7" tag="651"><subfield code="a">Minnesota</subfield><subfield code="z">Osakis.</subfield><subfield code="2">fast</subfield><subfield code="0">(OCoLC)fst01246492</subfield></datafield><datafield ind1=" " ind2=" " tag="752"><subfield code="a">United States</subfield><subfield code="b">Minnesota</subfield><subfield code="c">Douglas</subfield><subfield code="d">Osakis.</subfield></datafield><datafield ind1="0" ind2="0" tag="780"><subfield code="t">Lake review</subfield><subfield code="w">(DLC)sn 91059094</subfield></datafield></record>